<record><leader>00000cas a2200000 a 4500</leader><controlfield tag="001">11583406</controlfield><controlfield tag="008">850115d18791882ksuwr ne      0   a0eng d</controlfield><datafield ind1=" " ind2=" " tag="010"><subfield code="a">sn 84030467 </subfield></datafield><datafield ind1=" " ind2=" " tag="040"><subfield code="a">KSH</subfield><subfield code="b">eng</subfield><subfield code="c">KSH</subfield><subfield code="d">NPT</subfield><subfield code="d">OCL</subfield><subfield code="d">OCLCQ</subfield></datafield><datafield ind1=" " ind2=" " tag="042"><subfield code="a">msc</subfield></datafield><datafield ind1="0" ind2=" " tag="130"><subfield code="a">Golden gate (Newton, Kan.)</subfield></datafield><datafield ind1="1" ind2="4" tag="245"><subfield code="a">The golden gate.</subfield></datafield><datafield ind1=" " ind2=" " tag="260"><subfield code="a">Newton, Kan. :</subfield><subfield code="b">W.H. Werner,</subfield><subfield code="c">1879-1882.</subfield></datafield><datafield ind1=" " ind2=" " tag="300"><subfield code="a">3 v. ;</subfield><subfield code="c">64 cm.</subfield></datafield><datafield ind1=" " ind2=" " tag="310"><subfield code="a">Weekly</subfield></datafield><datafield ind1="0" ind2=" " tag="362"><subfield code="a">Vol. 1, no. 1 (Aug. 13, 1879)-v. 3, no. 34 (Mar. 29, 1882).</subfield></datafield><datafield ind1=" " ind2=" " tag="500"><subfield code="a">Published by: C.L. Rood, July 21, 1880-Mar. 2, 1881; J. McKee &amp; Co., Mar. 9, 1881-Mar. 8, 1882; Gate Printing Co., Mar. 15-29, 1882.</subfield></datafield><datafield ind1=" " ind2=" " tag="500"><subfield code="a">"A paper based upon temperance principles."</subfield></datafield><datafield ind1=" " ind2=" " tag="550"><subfield code="a">"Official organ of the United Order of Ancient Templars for the State of Kansas," Apr. 14, 1880-Feb. 23, 1881.</subfield></datafield><datafield ind1=" " ind2=" " tag="752"><subfield code="a">United States</subfield><subfield code="b">Kansas</subfield><subfield code="c">Harvey</subfield><subfield code="d">Newton.</subfield></datafield><datafield ind1="0" ind2="4" tag="785"><subfield code="t">Newton Kansan (Newton, Kan. : 1872)</subfield><subfield code="w">(DLC)sn 84027649</subfield></datafield></record>